<record><leader>00000cas a2200000 a 4500</leader><controlfield tag="001">31503153</controlfield><controlfield tag="008">941122c19889999azuwr ne      0   a0eng d</controlfield><datafield ind1=" " ind2=" " tag="010"><subfield code="a">sn 96060558 </subfield></datafield><datafield ind1=" " ind2=" " tag="040"><subfield code="a">MSA</subfield><subfield code="b">eng</subfield><subfield code="c">MSA</subfield><subfield code="d">ANN</subfield><subfield code="d">OCL</subfield><subfield code="d">ANN</subfield><subfield code="d">OCLCQ</subfield><subfield code="d">OCLCF</subfield><subfield code="d">OCLCO</subfield></datafield><datafield ind1=" " ind2=" " tag="037"><subfield code="b">Independent Newspapers, 201 W. Apache Trail, Ste. 708. Apache Junction, AZ 85220</subfield></datafield><datafield ind1=" " ind2=" " tag="042"><subfield code="a">msc</subfield></datafield><datafield ind1=" " ind2=" " tag="043"><subfield code="a">n-us-az</subfield></datafield><datafield ind1=" " ind2=" " tag="092"><subfield code="a">071</subfield></datafield><datafield ind1="0" ind2="0" tag="245"><subfield code="a">East Mesa independent.</subfield></datafield><datafield ind1=" " ind2=" " tag="260"><subfield code="a">Mesa, Ariz. :</subfield><subfield code="b">Independent Newspapers, Inc.,</subfield><subfield code="c">1988-</subfield></datafield><datafield ind1=" " ind2=" " tag="300"><subfield code="a">v. :</subfield><subfield code="b">ill. ;</subfield><subfield code="c">57 cm.</subfield></datafield><datafield ind1=" " ind2=" " tag="310"><subfield code="a">Weekly</subfield></datafield><datafield ind1="0" ind2=" " tag="362"><subfield code="a">Vol. 24, no. 29 (July 20-26, 1988)-</subfield></datafield><datafield ind1=" " ind2="0" tag="651"><subfield code="a">Mesa (Ariz.)</subfield><subfield code="v">Newspapers.</subfield></datafield><datafield ind1=" " ind2="0" tag="651"><subfield code="a">Maricopa County (Ariz.)</subfield><subfield code="v">Newspapers.</subfield></datafield><datafield ind1=" " ind2="7" tag="655"><subfield code="a">Newspapers.</subfield><subfield code="2">fast</subfield><subfield code="0">(OCoLC)fst01423814</subfield></datafield><datafield ind1=" " ind2="7" tag="651"><subfield code="a">Arizona</subfield><subfield code="z">Maricopa County.</subfield><subfield code="2">fast</subfield><subfield code="0">(OCoLC)fst01217111</subfield></datafield><datafield ind1=" " ind2="7" tag="651"><subfield code="a">Arizona</subfield><subfield code="z">Mesa.</subfield><subfield code="2">fast</subfield><subfield code="0">(OCoLC)fst01216951</subfield></datafield><datafield ind1=" " ind2=" " tag="752"><subfield code="a">United States</subfield><subfield code="b">Arizona</subfield><subfield code="c">Maricopa</subfield><subfield code="d">Mesa.</subfield></datafield><datafield ind1="0" ind2=" " tag="775"><subfield code="t">Winter visitor independent</subfield><subfield code="g">1967-1981</subfield><subfield code="w">(DLC)sn2001060120</subfield></datafield><datafield ind1="0" ind2=" " tag="775"><subfield code="t">Apache Junction independent</subfield><subfield code="w">(DLC)sn 94050639</subfield></datafield><datafield ind1="0" ind2="1" tag="780"><subfield code="t">Mesa independent</subfield><subfield code="w">(DLC)sn 95060646</subfield></datafield><datafield ind1="0" ind2="1" tag="780"><subfield code="t">Central Mesa independent</subfield><subfield code="w">(DLC)sn2001060121</subfield></datafield></record>